@patent{wilkinson_1990,
  author        = {J. P. Wilkinson},
  title         = {Nonlinear resonant circuit devices},
  address   = {United States},
  number        = {3 624 125},
  day           = {16},
  month         = {aug},
  year          = {1990},
}
@techreport{SP80053r4,
   author = {{Joint Task Force Transformation Initiative Interagency Working Group}},
   title = {Security and Privacy Controls for Federal Information Systems and Organizations},
   institution = {National Institute of Standards and Technology},
   address= {Gaithersburg, MD},
   number = {NIST Special Publication (SP) 800-53, Rev. 4, Includes updates as of January 22, 2015},
   DOI = {10.6028/NIST.SP.800-53r4},
   year = {2013},
}
@techreport{FIPS1402,
   author = {{National Institute of Standards and Technology}},
   title = {Security Requirements for Cryptographic Modules},
   institution = {U.S. Department of Commerce},
   address= {Washington, D.C.},
   number = {Federal Information Processing Standards Publications (FIPS PUBS) 140-2, Change Notice 2 December 03, 2002},
   DOI = {10.6028/NIST.FIPS.140-2},
   year = {2001},
}
@ARTICLE{Xiong2015, 
	author={H. Xiong}, 
	journal={Chinese Journal of Electronics}, 
	title={Multi-level Bell-Type Inequality from Information Causality and Noisy Computations}, 
	year={2015}, 
	volume={24}, 
	number={2}, 
	pages={408-413}, 
	keywords={communication complexity;probability;quantum communication;quantum computing;NS-box;RAC;Tsirelson bounds;communication complexity;independent identically distribution;information causality;multilevel Bell-type inequality;no-signaling box;noisy computations;nonlocal quantum computation;random access code;symmetric quantum channels;uniform input marginal probabilities}, 
	doi={10.1049/cje.2015.04.031}, 
	ISSN={1022-4653}, 
	month={},}


@ARTICLE{Prives2016, 
	author={L. Prives}, 
	journal={IEEE Women in Engineering Magazine}, 
	title={For Whom the Bell Tolls: Inventing success through creativity and analytical skills [WIE from Around the World]}, 
	year={2016}, 
	volume={10}, 
	number={1}, 
	pages={37-39}, 
	keywords={Creativity;Education;Engineering profession;Media;Technological innovation}, 
	doi={10.1109/MWIE.2016.2535841}, 
	ISSN={1942-065X}, 
	month={June},}

@ARTICLE{Roberts1982, 
	author={L. J. Roberts}, 
	journal={SMPTE Journal}, 
	title={Cameras and Systems: A History of Contributions from the Bell; Howell Co. (Part I)}, 
	year={1982}, 
	volume={91}, 
	number={10}, 
	pages={934-946}, 
	doi={10.5594/J00229}, 
	ISSN={0036-1682}, 
	month={Oct},}

@INPROCEEDINGS{Maloney2016, 
	author={T. J. Maloney}, 
	booktitle={38th Electrical Overstress/Electrostatic Discharge Symposium (EOS/ESD)}, 
	title={Unified model of 1-D pulsed heating, combining Wunsch-Bell with the Dwyer curve: This paper is co-copyrighted by Intel Corporation and the ESD association}, 
	year={2016}, 
	pages={1-8}, 
	keywords={electrostatic discharge;heat sinks;heat transfer;integrated circuit modelling;1-D pulsed heating;Dwyer curve;Wunsch-Bell relation;heat flow;power-to-fail curves;Analytical models;Convolution;Heat sinks;Impedance;Resistance heating;Steady-state}, 
	doi={10.1109/EOSESD.2016.7592562}, 
	volume=22,
	publisher={Publisher name, location},
	month={Sept},}

@book{giancoli2008physics,
	title={Physics for Scientists and Engineers with Modern Physics},
	author={Giancoli, D.C.},
	isbn={9780131495081},
	lccn={2006039431},
	pages = {123-124},
	edition = {4},
	year={2008},
	publisher={Pearson Education}
}

@inbook{Eston1993,
	author       = {Peter Eston}, 
	title        = {Book section title},
	pages        = {201-213},
	chapter = {8},
	publisher    = {The name of the publisher},
	address    = {The address of the publisher},
	year         = {1993},
	volume       = {4},
	edition      = {3},
	month        = {7},
}

@TECHREPORT{MSU-CSE-06-2,
	AUTHOR =        {R. Behrends and L. K. Dillon and S. D. Fleming and
	R. E. K. Stirewalt},
	TITLE =         {White paper: Programming according to the fences and gates
	model for developing assured, secure software
	systems},
	NUMBER =        {MSU-CSE-06-2},
	INSTITUTION =   {Department of Computer Science, Michigan State University},
	ADDRESS =       {East Lansing, Michigan},
	ABSTRACT =      {This white paper describes extensions to our work on the
	Synchronization Units Model (Szumo) to address the
	access-control problem in systems assembled dynamically from
	trusted and untrusted components. Our extension employs
	explicitly declared design contracts, the semantics of which
	are founded on Landwehr's model of fences and gates.
	},
	KEYWORDS =      {access control, security, contracts, Szumo},
	NOTE =          {},
	MONTH =         {January},
	YEAR  =         {2006},
	AUTHOR1_URL =   {http://www.poker-ping.info},
	AUTHOR1_EMAIL = {kel@wondering-jons.com},
	AUTHOR1_URL =   {},
	AUTHOR1_EMAIL = {behrends@cse.msu.edu},
	AUTHOR2_URL =   {Sle},
	AUTHOR2_EMAIL = {Poker Ping},
	AUTHOR2_URL =   {http://www.cse.msu.edu/~stire},
	AUTHOR2_EMAIL = {stire@cse.msu.edu},
	PAGES =         {3},
	FILE  =         {/user/web/htdocs/publications/tech/TR/MSU-CSE-06-2.ps},
	DOI   =         {},
	CONTACT =       {stire@cse.msu.edu}
}


@incollection{Farindon,
	author       = {Peter Farindon}, 
	title        = {The title of the collection section},
	booktitle    = {The title of the book},
	publisher    = {The name of the publisher},
	year         = {1993},
	editor       = {Firstname Lastname},
	volume       = {4},
	chapter      = {8},
	pages        = {201-213},
	address      = {The address of the publisher},
	edition      = {3},
	month        = {7},
	DOI         = {}
}

@unpublished{Marcheford,
	author       = {Peter Marcheford}, 
	title        = {The title of the unpublished work},
	month        = {7},
	year         = {1993}
}

@phdthesis{Joslin,
	author       = {Peter Joslin}, 
	title        = {The title of the PhD Thesis},
	school       = {The school of the thesis},
	year         = {1993},
	address      = {The address of the publisher},
	month        = {7},
	note         = {An optional note}
}
@booklet{Caxton,
	title        = {The title of the booklet},
	author       = {Peter Caxton}, 
	howpublished = {How it was published},
	address      = {The address of the publisher},
	month        = {7},
	year         = {1993},
	note         = {An optional note}
}


@misc{Isley,
	author       = {Peter Isley}, 
	title        = {The title of the webpage},
	month        = {7},
	year         = {1993},
	url         = {https://nist.gov}
}           